@book{practical_electronics,
  title     = "Practical electronics for inventors, fourth edition",
  author    = "Scherz, Paul and {Simon}",
  publisher = "McGraw-Hill Education",
  edition   =  4,
  year      =  2016,
  address   = "Columbus, OH"
}

